% Encoding: UTF-8
@misc{camp2001location,
	title={Location system combining ranging measurements from GPS and cellular networks},
	author={Camp, William O},
	year={2001},
	month=jun # "~26",
	publisher={Google Patents},
	note={US Patent 6,252,543}
}

@misc{zhu2021detection,
      title={Detection and Tracking Meet Drones Challenge}, 
      author={Pengfei Zhu and Longyin Wen and Dawei Du and Xiao Bian and Heng Fan and Qinghua Hu and Haibin Ling},
      year={2021},
      eprint={2001.06303},
      archivePrefix={arXiv},
      primaryClass={cs.CV}
}

@ARTICLE{uavdesigndeploy,
  author={Panda, Kirtan Gopal and Das, Shrayan and Sen, Debarati and Arif, Wasim},
  journal={IEEE Access}, 
  title={Design and Deployment of UAV-Aided Post-Disaster Emergency Network}, 
  year={2019},
  volume={7},
  number={},
  pages={102985-102999},
  doi={10.1109/ACCESS.2019.2931539}
  }
  
@INPROCEEDINGS{6237316,
  author={Neto, Jacy Montenegro M. and da Paixão, Ronan A. and Rodrigues, Luiz Renault L. and Moreira, Erick M. and dos Santos, João Carlos José and Rosa, Paulo Fernando F.},
  booktitle={2012 IEEE International Symposium on Industrial Electronics}, 
  title={A surveillance task for a UAV in a natural disaster scenario}, 
  year={2012},
  volume={},
  number={},
  pages={1516-1522},
  doi={10.1109/ISIE.2012.6237316}
 }
 
 
@Article{rs4113390,
AUTHOR = {Oleire-Oltmanns, Sebastian and Marzolff, Irene and Peter, Klaus Daniel and Ries, Johannes B.},
TITLE = {Unmanned Aerial Vehicle (UAV) for Monitoring Soil Erosion in Morocco},
JOURNAL = {Remote Sensing},
VOLUME = {4},
YEAR = {2012},
NUMBER = {11},
PAGES = {3390--3416},
URL = {https://www.mdpi.com/2072-4292/4/11/3390},
ISSN = {2072-4292},
DOI = {10.3390/rs4113390}
}

@Article{app9040643,
AUTHOR = {Kwak, Geun-Ho and Park, No-Wook},
TITLE = {Impact of Texture Information on Crop Classification with Machine Learning and UAV Images},
JOURNAL = {Applied Sciences},
VOLUME = {9},
YEAR = {2019},
NUMBER = {4},
ARTICLE-NUMBER = {643},
URL = {https://www.mdpi.com/2076-3417/9/4/643},
ISSN = {2076-3417},
DOI = {10.3390/app9040643}
}

@Article{ricecounting,
AUTHOR = {Wu, Jintao and Yang, Guijun and Yang, Xiaodong and Xu, Bo and Han, Liang and Zhu, Yaohui},
TITLE = {Automatic Counting of in situ Rice Seedlings from UAV Images Based on a Deep Fully Convolutional Neural Network},
JOURNAL = {Remote Sensing},
VOLUME = {11},
YEAR = {2019},
NUMBER = {6},
ARTICLE-NUMBER = {691},
URL = {https://www.mdpi.com/2072-4292/11/6/691},
ISSN = {2072-4292},
DOI = {10.3390/rs11060691}
}

@inproceedings{kyrkou2018dronet,
  title={DroNet: Efficient convolutional neural network detector for real-time UAV applications},
  author={Kyrkou, Christos and Plastiras, George and Theocharides, Theocharis and Venieris, Stylianos I and Bouganis, Christos-Savvas},
  booktitle={2018 Design, Automation \& Test in Europe Conference \& Exhibition (DATE)},
  pages={967--972},
  year={2018},
  organization={IEEE}
}

@inproceedings{tan2020efficientdet,
  title={Efficientdet: Scalable and efficient object detection},
  author={Tan, Mingxing and Pang, Ruoming and Le, Quoc V},
  booktitle={Proceedings of the IEEE/CVF conference on computer vision and pattern recognition},
  pages={10781--10790},
  year={2020}
}